% Encoding: UTF-8

@Misc{smartphone-penetration,
  url = {https://www.publicismedia.de/wp-content/uploads/2017/10/2017-10-16-mobile-advertising-forecasts-2017-de.pdf},
}

@Comment{jabref-meta: databaseType:bibtex;}
